%% This BibTeX bibliography file was created using BibDesk.
%% http://bibdesk.sourceforge.net/


%% Created for Lauro Cesar Araujo at 2015-04-27 19:43:45 -0300 


%% Saved with string encoding Unicode (UTF-8) 


@online{nuttx,
	author={{Apache NuttX}},
  	title={Apache NuttX},
  	year={2019},
  	url={https://nuttx.apache.org/},
  	urlaccessdate={31 jan. 2022}
}

@online{nutt,
	author={Alan Carvalho de Assis},
  	title={O que \'e o RTOS NuttX e por que voc\^e deve se importar?},
  	year={2018},
  	url={https://www.embarcados.com.br/o-que-e-o-rtos-nuttx/},
  	urlaccessdate={31 jan. 2022}
}

@online{nutt2,
	author={Gregory Nutt},
  	title={NuttX RTOS},
  	year={2015},
  	url={https://cwiki.apache.org/confluence/download/attachments/139629402/Realtime-151012.pdf?version=1&modificationDate=1576735617000&api=v2},
  	urlaccessdate={31 jan. 2022}
}

@misc{wiki,
	author = "{Wikipedia contributors}",
	title = "NuttX --- {Wikipedia}{,} The Free Encyclopedia",
	year = "2021",
	url = "https://en.wikipedia.org/w/index.php?title=NuttX&oldid=1061214953",
	urlaccessdate = "31 jan. 2022"
}